@misc{xilinx-linux-wiki,
   title = "Xilinx Wiki: Build Kernel",
   howpublished = "\url{http://www.wiki.xilinx.com/Build+Kernel#Zynq}",
   note = "[Online; accessed 17-August-2016]"
 }

@misc{fsbl-hsi,
   title = "Build FSBL",
   howpublished = "\url{http://www.wiki.xilinx.com/Build+FSBL}",
   note = "[Online; accessed 17-August-2016]"
 }

@misc{fsbl-sdk,
   title = "Build FSBL",
   howpublished = "\url{http://www.xilinx.com/support/documentation/sw_manuals/xilinx2013_4/SDK_Doc/tasks/sdk_t_project_creation_zynq_fsbl.htm}",
   note = "[Online; accessed 17-August-2016]"
 }

@misc{xilinx-dts,
   title = "Xilinx Device Tree",
   howpublished = "\url{https://github.com/Xilinx/device-tree-xlnx}",
   note = "[Online; accessed 17-August-2016]"
 }

@misc{create-dts,
   title = "Create DTS Using SDK",
   howpublished = "\url{http://www.wiki.xilinx.com/Build+Device+Tree+Blob}",
   note = "[Online; accessed 17-August-2016]"
 }

@misc{modify-rootfs,
    title = "Build and Modify a Root File System",
    howpublished = "\url{http://www.wiki.xilinx.com/Build+and+Modify+a+Rootfs}",
    note = "[Online; accessed 17-August-2016]"
}

@misc{cma-cache,
    title = "CMA with cache",
    howpublished = "\url{https://aelseb.wordpress.com/2015/04/11/contiguous-memory-on-arm-and-cache-coherency/}",
    note = "[Online; accessed 17-August-2016]"
}

@misc{dma-api,
    title = "DMA API document",
    howpublished = "\url{https://www.kernel.org/doc/Documentation/DMA-API.txt}",
    note = "[Online; accessed 26-August-2016]"
}

@misc{dma-api-howto,
    title = "DMA API HOWTO document",
    howpublished = "\url{https://www.kernel.org/doc/Documentation/DMA-API-HOWTO.txt}",
    note = "[Online; accessed 26-August-2016]"
}

@misc{busybox-ref1,
    title = "Create Root File System Using Busybox",
    howpublished = "\url{http://www.cnblogs.com/lidabo/p/5300148.html}",
    note = "[Online; accessed 29-August-2016]"
}

@misc{busybox-ref2,
    title = "Zynq Root File System Creation",
    howpublished = "\url{http://xilinx.wikidot.com/zynq-rootfs}",
    note = "[Online; accessed 29-August-2016]"
}

@misc{rootfs-mount,
    title = "Mount rootfs to SD card partition",
    howpublished = "\url{http://svenand.blogdrive.com/archive/199.html#.V9dcavl96Uk}",
    note = "[Online; accessed 13-September-2016]"
}
@misc{driver-doc,
    title = "Linux Driver Document",
    howpublished = "\url{https://www.kernel.org/doc/htmldocs/device-drivers/}",
    note = "[Online; accessed 13-September-2016]"
}


